@article{rsaOriginalPaper,
	author = {R.L., Rivest and A., Shamir, and L. Adleman},
	title = {A Method for Obtaining Digital Signatures and Public-Key Cryptosystems},
	year = {1977},
}

@article{facharbeit,
	author = {Julian von Mendel},
	title = {RSA - Verschl√ºsselung},
	year = 2009
}

@BOOK{Beutelspacher2015-jl,
  title     = "Moderne Verfahren der Kryptographie",
  author    = "Beutelspacher, Albrecht and Schwenk, J{\"o}rg and Wolfenstetter,
               Klaus-Dieter",
  publisher = "Springer Fachmedien",
  edition   =  8,
  month     =  aug,
  year      =  2015,
  address   = "Wiesbaden, Germany",
  language  = "de"
}

@ARTICLE{1055638,
  author={Diffie, W. and Hellman, M.},
  journal={IEEE Transactions on Information Theory}, 
  title={New directions in cryptography}, 
  year={1976},
  volume={22},
  number={6},
  pages={644-654},
  doi={10.1109/TIT.1976.1055638}}

